@article{molecularDynamics,
    title = {\href{https://www.diva-portal.org/smash/record.jsf?pid=diva2\%3A808180\&dswid=-9036}{Master thesis: Long time integration of mole\-cular dynamics at constant  temperature with the symplectic Euler method}},
	author = {Bojeryd, Jesper},
	date = {2015}
}

@article{QEwithAdam,
    title = {Working paper: Heterogeneous Effects of QE on Corporate Bonds and Firm Outcomes},
	author = {Baybutt, Adam and Bojeryd, Jesper},
	date = {2021}
}